<?xml version='1.0'?>
<ENVELOPE>
    <HEADER>
        <TALLYREQUEST>Import Data</TALLYREQUEST>
    </HEADER>
    <BODY>
        <IMPORTDATA>
            <REQUESTDESC>
                <REPORTNAME>Vouchers</REPORTNAME>
                <STATICVARIABLES>
                    <SVCURRENTCOMPANY>TEXCO 2020 - 2022</SVCURRENTCOMPANY>
                </STATICVARIABLES>
            </REQUESTDESC>
            <REQUESTDATA>
                <TALLYMESSAGE xmlns:UDF='TallyUDF'>
                    <VOUCHER REMOTEID='fdbc4460-756c-11d6-bd67-008048b5445e-000c618d' VCHKEY='fdbc4460-756c-11d6-bd67-008048b5445e-0000a930:00000078' VCHTYPE='INVOICE' ACTION='Create' OBJVIEW='Accounting Voucher View'>
                        <OLDAUDITENTRYIDS.LIST TYPE='Number'>
                            <OLDAUDITENTRYIDS>-1</OLDAUDITENTRYIDS>
                        </OLDAUDITENTRYIDS.LIST>
                        <DATE>20220303</DATE>
                        <GUID>fdbc4460-756c-11d6-bd67-008048b5445e-000c618d</GUID>
                        <NARRATION>Security claim for the month October 2021</NARRATION>
                        <VOUCHERTYPENAME>INVOICE</VOUCHERTYPENAME>
                        <VOUCHERNUMBER>5647</VOUCHERNUMBER>
                        <PARTYLEDGERNAME>3213D-Tncsc Tiruvalam (TN GOVT)</PARTYLEDGERNAME>
                        <CSTFORMISSUETYPE/>
                        <CSTFORMRECVTYPE/>
                        <FBTPAYMENTTYPE>Default</FBTPAYMENTTYPE>
                        <PERSISTEDVIEW>Accounting Voucher View</PERSISTEDVIEW>
                        <VCHGSTCLASS/>
                        <ENTEREDBY>duraian</ENTEREDBY>
                        <DIFFACTUALQTY>No</DIFFACTUALQTY>
                        <ISMSTFROMSYNC>No</ISMSTFROMSYNC>
                        <ASORIGINAL>No</ASORIGINAL>
                        <AUDITED>No</AUDITED>
                        <FORJOBCOSTING>No</FORJOBCOSTING>
                        <ISOPTIONAL>No</ISOPTIONAL>
                        <EFFECTIVEDATE>20220303</EFFECTIVEDATE>
                        <USEFOREXCISE>No</USEFOREXCISE>
                        <ISFORJOBWORKIN>No</ISFORJOBWORKIN>
                        <ALLOWCONSUMPTION>No</ALLOWCONSUMPTION>
                        <USEFORINTEREST>No</USEFORINTEREST>
                        <USEFORGAINLOSS>No</USEFORGAINLOSS>
                        <USEFORGODOWNTRANSFER>No</USEFORGODOWNTRANSFER>
                        <USEFORCOMPOUND>No</USEFORCOMPOUND>
                        <USEFORSERVICETAX>No</USEFORSERVICETAX>
                        <ISEXCISEVOUCHER>No</ISEXCISEVOUCHER>
                        <EXCISETAXOVERRIDE>No</EXCISETAXOVERRIDE>
                        <USEFORTAXUNITTRANSFER>No</USEFORTAXUNITTRANSFER>
                        <EXCISEOPENING>No</EXCISEOPENING>
                        <USEFORFINALPRODUCTION>No</USEFORFINALPRODUCTION>
                        <ISTDSOVERRIDDEN>No</ISTDSOVERRIDDEN>
                        <ISTCSOVERRIDDEN>No</ISTCSOVERRIDDEN>
                        <ISTDSTCSCASHVCH>No</ISTDSTCSCASHVCH>
                        <INCLUDEADVPYMTVCH>No</INCLUDEADVPYMTVCH>
                        <ISSUBWORKSCONTRACT>No</ISSUBWORKSCONTRACT>
                        <ISVATOVERRIDDEN>No</ISVATOVERRIDDEN>
                        <IGNOREORIGVCHDATE>No</IGNOREORIGVCHDATE>
                        <ISSERVICETAXOVERRIDDEN>No</ISSERVICETAXOVERRIDDEN>
                        <ISISDVOUCHER>No</ISISDVOUCHER>
                        <ISEXCISEOVERRIDDEN>No</ISEXCISEOVERRIDDEN>
                        <ISEXCISESUPPLYVCH>No</ISEXCISESUPPLYVCH>
                        <ISGSTOVERRIDDEN>No</ISGSTOVERRIDDEN>
                        <GSTNOTEXPORTED>No</GSTNOTEXPORTED>
                        <ISVATPRINCIPALACCOUNT>No</ISVATPRINCIPALACCOUNT>
                        <ISSHIPPINGWITHINSTATE>No</ISSHIPPINGWITHINSTATE>
                        <ISCANCELLED>No</ISCANCELLED>
                        <HASCASHFLOW>No</HASCASHFLOW>
                        <ISPOSTDATED>No</ISPOSTDATED>
                        <USETRACKINGNUMBER>No</USETRACKINGNUMBER>
                        <ISINVOICE>No</ISINVOICE>
                        <MFGJOURNAL>No</MFGJOURNAL>
                        <HASDISCOUNTS>No</HASDISCOUNTS>
                        <ASPAYSLIP>No</ASPAYSLIP>
                        <ISCOSTCENTRE>No</ISCOSTCENTRE>
                        <ISSTXNONREALIZEDVCH>No</ISSTXNONREALIZEDVCH>
                        <ISEXCISEMANUFACTURERON>No</ISEXCISEMANUFACTURERON>
                        <ISBLANKCHEQUE>No</ISBLANKCHEQUE>
                        <ISVOID>No</ISVOID>
                        <ISONHOLD>No</ISONHOLD>
                        <ORDERLINESTATUS>No</ORDERLINESTATUS>
                        <VATISAGNSTCANCSALES>No</VATISAGNSTCANCSALES>
                        <VATISPURCEXEMPTED>No</VATISPURCEXEMPTED>
                        <ISVATRESTAXINVOICE>No</ISVATRESTAXINVOICE>
                        <VATISASSESABLECALCVCH>No</VATISASSESABLECALCVCH>
                        <ISVATDUTYPAID>Yes</ISVATDUTYPAID>
                        <ISDELIVERYSAMEASCONSIGNEE>No</ISDELIVERYSAMEASCONSIGNEE>
                        <ISDISPATCHSAMEASCONSIGNOR>No</ISDISPATCHSAMEASCONSIGNOR>
                        <ISDELETED>No</ISDELETED>
                        <CHANGEVCHMODE>No</CHANGEVCHMODE>
                        <ALTERID> 1530883</ALTERID>
                        <MASTERID> 811405</MASTERID>
                        <VOUCHERKEY>186023623524472</VOUCHERKEY>
                        <EXCLUDEDTAXATIONS.LIST>      </EXCLUDEDTAXATIONS.LIST>
                        <OLDAUDITENTRIES.LIST>      </OLDAUDITENTRIES.LIST>
                        <ACCOUNTAUDITENTRIES.LIST>      </ACCOUNTAUDITENTRIES.LIST>
                        <AUDITENTRIES.LIST>      </AUDITENTRIES.LIST>
                        <DUTYHEADDETAILS.LIST>      </DUTYHEADDETAILS.LIST>
                        <SUPPLEMENTARYDUTYHEADDETAILS.LIST>      </SUPPLEMENTARYDUTYHEADDETAILS.LIST>
                        <INVOICEDELNOTES.LIST>      </INVOICEDELNOTES.LIST>
                        <INVOICEORDERLIST.LIST>      </INVOICEORDERLIST.LIST>
                        <INVOICEINDENTLIST.LIST>      </INVOICEINDENTLIST.LIST>
                        <ATTENDANCEENTRIES.LIST>      </ATTENDANCEENTRIES.LIST>
                        <ORIGINVOICEDETAILS.LIST>      </ORIGINVOICEDETAILS.LIST>
                        <INVOICEEXPORTLIST.LIST>      </INVOICEEXPORTLIST.LIST>
                        <ALLLEDGERENTRIES.LIST>
                            <OLDAUDITENTRYIDS.LIST TYPE='Number'>
                                <OLDAUDITENTRYIDS>-1</OLDAUDITENTRYIDS>
                            </OLDAUDITENTRYIDS.LIST>
                            <LEDGERNAME>3213D-Tncsc Tiruvalam (TN GOVT)</LEDGERNAME>
                            <GSTCLASS/>
                            <ISDEEMEDPOSITIVE>Yes</ISDEEMEDPOSITIVE>
                            <LEDGERFROMITEM>No</LEDGERFROMITEM>
                            <REMOVEZEROENTRIES>No</REMOVEZEROENTRIES>
                            <ISPARTYLEDGER>Yes</ISPARTYLEDGER>
                            <ISLASTDEEMEDPOSITIVE>Yes</ISLASTDEEMEDPOSITIVE>
                            <AMOUNT>-330541</AMOUNT>
                            <VATEXPAMOUNT>-330541</VATEXPAMOUNT>
                            <SERVICETAXDETAILS.LIST>       </SERVICETAXDETAILS.LIST>
                            <BANKALLOCATIONS.LIST>       </BANKALLOCATIONS.LIST>
                            <BILLALLOCATIONS.LIST>
                                <NAME>10/5647s</NAME>
                                <BILLTYPE>New Ref</BILLTYPE>
                                <TDSDEDUCTEEISSPECIALRATE>No</TDSDEDUCTEEISSPECIALRATE>
                                <AMOUNT>-330541</AMOUNT>
                                <INTERESTCOLLECTION.LIST>      </INTERESTCOLLECTION.LIST>
                                <STBILLCATEGORIES.LIST>      </STBILLCATEGORIES.LIST>
                            </BILLALLOCATIONS.LIST>
                            <INTERESTCOLLECTION.LIST>       </INTERESTCOLLECTION.LIST>
                            <OLDAUDITENTRIES.LIST>       </OLDAUDITENTRIES.LIST>
                            <ACCOUNTAUDITENTRIES.LIST>       </ACCOUNTAUDITENTRIES.LIST>
                            <AUDITENTRIES.LIST>       </AUDITENTRIES.LIST>
                            <INPUTCRALLOCS.LIST>       </INPUTCRALLOCS.LIST>
                            <DUTYHEADDETAILS.LIST>       </DUTYHEADDETAILS.LIST>
                            <EXCISEDUTYHEADDETAILS.LIST>       </EXCISEDUTYHEADDETAILS.LIST>
                            <RATEDETAILS.LIST>       </RATEDETAILS.LIST>
                            <SUMMARYALLOCS.LIST>       </SUMMARYALLOCS.LIST>
                            <STPYMTDETAILS.LIST>       </STPYMTDETAILS.LIST>
                            <EXCISEPAYMENTALLOCATIONS.LIST>       </EXCISEPAYMENTALLOCATIONS.LIST>
                            <TAXBILLALLOCATIONS.LIST>       </TAXBILLALLOCATIONS.LIST>
                            <TAXOBJECTALLOCATIONS.LIST>       </TAXOBJECTALLOCATIONS.LIST>
                            <TDSEXPENSEALLOCATIONS.LIST>       </TDSEXPENSEALLOCATIONS.LIST>
                            <VATSTATUTORYDETAILS.LIST>       </VATSTATUTORYDETAILS.LIST>
                            <OSTTRACKALLOCATIONS.LIST>       </OSTTRACKALLOCATIONS.LIST>
                            <REFVOUCHERDETAILS.LIST>       </REFVOUCHERDETAILS.LIST>
                            <INVOICEWISEDETAILS.LIST>       </INVOICEWISEDETAILS.LIST>
                            <VATITCDETAILS.LIST>       </VATITCDETAILS.LIST>
                            <ADVANCETAXDETAILS.LIST>       </ADVANCETAXDETAILS.LIST>
                        </ALLLEDGERENTRIES.LIST>
                        <ALLLEDGERENTRIES.LIST>
                            <OLDAUDITENTRYIDS.LIST TYPE='Number'>
                                <OLDAUDITENTRYIDS>-1</OLDAUDITENTRYIDS>
                            </OLDAUDITENTRYIDS.LIST>
                            <LEDGERNAME>Revenue From Security Projects</LEDGERNAME>
                            <GSTCLASS/>
                            <ISDEEMEDPOSITIVE>NO</ISDEEMEDPOSITIVE>
                            <LEDGERFROMITEM>No</LEDGERFROMITEM>
                            <REMOVEZEROENTRIES>No</REMOVEZEROENTRIES>
                            <ISPARTYLEDGER>Yes</ISPARTYLEDGER>
                            <ISLASTDEEMEDPOSITIVE>Yes</ISLASTDEEMEDPOSITIVE>
                            <AMOUNT>250107</AMOUNT>
                            <VATEXPAMOUNT>250107</VATEXPAMOUNT>
                            <SERVICETAXDETAILS.LIST>       </SERVICETAXDETAILS.LIST>
                            <BANKALLOCATIONS.LIST>       </BANKALLOCATIONS.LIST>
                            <BILLALLOCATIONS.LIST>       </BILLALLOCATIONS.LIST>
                            <INTERESTCOLLECTION.LIST>       </INTERESTCOLLECTION.LIST>
                            <OLDAUDITENTRIES.LIST>       </OLDAUDITENTRIES.LIST>
                            <ACCOUNTAUDITENTRIES.LIST>       </ACCOUNTAUDITENTRIES.LIST>
                            <AUDITENTRIES.LIST>       </AUDITENTRIES.LIST>
                            <INPUTCRALLOCS.LIST>       </INPUTCRALLOCS.LIST>
                            <DUTYHEADDETAILS.LIST>       </DUTYHEADDETAILS.LIST>
                            <EXCISEDUTYHEADDETAILS.LIST>       </EXCISEDUTYHEADDETAILS.LIST>
                            <RATEDETAILS.LIST>       </RATEDETAILS.LIST>
                            <SUMMARYALLOCS.LIST>       </SUMMARYALLOCS.LIST>
                            <STPYMTDETAILS.LIST>       </STPYMTDETAILS.LIST>
                            <EXCISEPAYMENTALLOCATIONS.LIST>       </EXCISEPAYMENTALLOCATIONS.LIST>
                            <TAXBILLALLOCATIONS.LIST>       </TAXBILLALLOCATIONS.LIST>
                            <TAXOBJECTALLOCATIONS.LIST>       </TAXOBJECTALLOCATIONS.LIST>
                            <TDSEXPENSEALLOCATIONS.LIST>       </TDSEXPENSEALLOCATIONS.LIST>
                            <VATSTATUTORYDETAILS.LIST>       </VATSTATUTORYDETAILS.LIST>
                            <OSTTRACKALLOCATIONS.LIST>       </OSTTRACKALLOCATIONS.LIST>
                            <REFVOUCHERDETAILS.LIST>       </REFVOUCHERDETAILS.LIST>
                            <INVOICEWISEDETAILS.LIST>       </INVOICEWISEDETAILS.LIST>
                            <VATITCDETAILS.LIST>       </VATITCDETAILS.LIST>
                            <ADVANCETAXDETAILS.LIST>       </ADVANCETAXDETAILS.LIST>
                        </ALLLEDGERENTRIES.LIST>
                        <ALLLEDGERENTRIES.LIST>
                            <OLDAUDITENTRYIDS.LIST TYPE='Number'>
                                <OLDAUDITENTRYIDS>-1</OLDAUDITENTRYIDS>
                            </OLDAUDITENTRYIDS.LIST>
                            <LEDGERNAME>State GST Payable</LEDGERNAME>
                            <GSTCLASS/>
                            <ISDEEMEDPOSITIVE>NO</ISDEEMEDPOSITIVE>
                            <LEDGERFROMITEM>No</LEDGERFROMITEM>
                            <REMOVEZEROENTRIES>No</REMOVEZEROENTRIES>
                            <ISPARTYLEDGER>Yes</ISPARTYLEDGER>
                            <ISLASTDEEMEDPOSITIVE>Yes</ISLASTDEEMEDPOSITIVE>
                            <AMOUNT>25210.78</AMOUNT>
                            <VATEXPAMOUNT>25210.78</VATEXPAMOUNT>
                            <SERVICETAXDETAILS.LIST>       </SERVICETAXDETAILS.LIST>
                            <BANKALLOCATIONS.LIST>       </BANKALLOCATIONS.LIST>
                            <BILLALLOCATIONS.LIST>       </BILLALLOCATIONS.LIST>
                            <INTERESTCOLLECTION.LIST>       </INTERESTCOLLECTION.LIST>
                            <OLDAUDITENTRIES.LIST>       </OLDAUDITENTRIES.LIST>
                            <ACCOUNTAUDITENTRIES.LIST>       </ACCOUNTAUDITENTRIES.LIST>
                            <AUDITENTRIES.LIST>       </AUDITENTRIES.LIST>
                            <INPUTCRALLOCS.LIST>       </INPUTCRALLOCS.LIST>
                            <DUTYHEADDETAILS.LIST>       </DUTYHEADDETAILS.LIST>
                            <EXCISEDUTYHEADDETAILS.LIST>       </EXCISEDUTYHEADDETAILS.LIST>
                            <RATEDETAILS.LIST>       </RATEDETAILS.LIST>
                            <SUMMARYALLOCS.LIST>       </SUMMARYALLOCS.LIST>
                            <STPYMTDETAILS.LIST>       </STPYMTDETAILS.LIST>
                            <EXCISEPAYMENTALLOCATIONS.LIST>       </EXCISEPAYMENTALLOCATIONS.LIST>
                            <TAXBILLALLOCATIONS.LIST>       </TAXBILLALLOCATIONS.LIST>
                            <TAXOBJECTALLOCATIONS.LIST>       </TAXOBJECTALLOCATIONS.LIST>
                            <TDSEXPENSEALLOCATIONS.LIST>       </TDSEXPENSEALLOCATIONS.LIST>
                            <VATSTATUTORYDETAILS.LIST>       </VATSTATUTORYDETAILS.LIST>
                            <OSTTRACKALLOCATIONS.LIST>       </OSTTRACKALLOCATIONS.LIST>
                            <REFVOUCHERDETAILS.LIST>       </REFVOUCHERDETAILS.LIST>
                            <INVOICEWISEDETAILS.LIST>       </INVOICEWISEDETAILS.LIST>
                            <VATITCDETAILS.LIST>       </VATITCDETAILS.LIST>
                            <ADVANCETAXDETAILS.LIST>       </ADVANCETAXDETAILS.LIST>
                        </ALLLEDGERENTRIES.LIST>
                        <ALLLEDGERENTRIES.LIST>
                            <OLDAUDITENTRYIDS.LIST TYPE='Number'>
                                <OLDAUDITENTRYIDS>-1</OLDAUDITENTRYIDS>
                            </OLDAUDITENTRYIDS.LIST>
                            <LEDGERNAME>Central GST Payable</LEDGERNAME>
                            <GSTCLASS/>
                            <ISDEEMEDPOSITIVE>NO</ISDEEMEDPOSITIVE>
                            <LEDGERFROMITEM>No</LEDGERFROMITEM>
                            <REMOVEZEROENTRIES>No</REMOVEZEROENTRIES>
                            <ISPARTYLEDGER>Yes</ISPARTYLEDGER>
                            <ISLASTDEEMEDPOSITIVE>Yes</ISLASTDEEMEDPOSITIVE>
                            <AMOUNT>25210.78</AMOUNT>
                            <VATEXPAMOUNT>25210.78</VATEXPAMOUNT>
                            <SERVICETAXDETAILS.LIST>       </SERVICETAXDETAILS.LIST>
                            <BANKALLOCATIONS.LIST>       </BANKALLOCATIONS.LIST>
                            <BILLALLOCATIONS.LIST>       </BILLALLOCATIONS.LIST>
                            <INTERESTCOLLECTION.LIST>       </INTERESTCOLLECTION.LIST>
                            <OLDAUDITENTRIES.LIST>       </OLDAUDITENTRIES.LIST>
                            <ACCOUNTAUDITENTRIES.LIST>       </ACCOUNTAUDITENTRIES.LIST>
                            <AUDITENTRIES.LIST>       </AUDITENTRIES.LIST>
                            <INPUTCRALLOCS.LIST>       </INPUTCRALLOCS.LIST>
                            <DUTYHEADDETAILS.LIST>       </DUTYHEADDETAILS.LIST>
                            <EXCISEDUTYHEADDETAILS.LIST>       </EXCISEDUTYHEADDETAILS.LIST>
                            <RATEDETAILS.LIST>       </RATEDETAILS.LIST>
                            <SUMMARYALLOCS.LIST>       </SUMMARYALLOCS.LIST>
                            <STPYMTDETAILS.LIST>       </STPYMTDETAILS.LIST>
                            <EXCISEPAYMENTALLOCATIONS.LIST>       </EXCISEPAYMENTALLOCATIONS.LIST>
                            <TAXBILLALLOCATIONS.LIST>       </TAXBILLALLOCATIONS.LIST>
                            <TAXOBJECTALLOCATIONS.LIST>       </TAXOBJECTALLOCATIONS.LIST>
                            <TDSEXPENSEALLOCATIONS.LIST>       </TDSEXPENSEALLOCATIONS.LIST>
                            <VATSTATUTORYDETAILS.LIST>       </VATSTATUTORYDETAILS.LIST>
                            <OSTTRACKALLOCATIONS.LIST>       </OSTTRACKALLOCATIONS.LIST>
                            <REFVOUCHERDETAILS.LIST>       </REFVOUCHERDETAILS.LIST>
                            <INVOICEWISEDETAILS.LIST>       </INVOICEWISEDETAILS.LIST>
                            <VATITCDETAILS.LIST>       </VATITCDETAILS.LIST>
                            <ADVANCETAXDETAILS.LIST>       </ADVANCETAXDETAILS.LIST>
                        </ALLLEDGERENTRIES.LIST>
                        <ALLLEDGERENTRIES.LIST>
                            <OLDAUDITENTRYIDS.LIST TYPE='Number'>
                                <OLDAUDITENTRYIDS>-1</OLDAUDITENTRYIDS>
                            </OLDAUDITENTRYIDS.LIST>
                            <LEDGERNAME>Revenue From Service Charges</LEDGERNAME>
                            <GSTCLASS/>
                            <ISDEEMEDPOSITIVE>NO</ISDEEMEDPOSITIVE>
                            <LEDGERFROMITEM>No</LEDGERFROMITEM>
                            <REMOVEZEROENTRIES>No</REMOVEZEROENTRIES>
                            <ISPARTYLEDGER>Yes</ISPARTYLEDGER>
                            <ISLASTDEEMEDPOSITIVE>Yes</ISLASTDEEMEDPOSITIVE>
                            <AMOUNT>30012.44</AMOUNT>
                            <VATEXPAMOUNT>30012.44</VATEXPAMOUNT>
                            <SERVICETAXDETAILS.LIST>       </SERVICETAXDETAILS.LIST>
                            <BANKALLOCATIONS.LIST>       </BANKALLOCATIONS.LIST>
                            <BILLALLOCATIONS.LIST>       </BILLALLOCATIONS.LIST>
                            <INTERESTCOLLECTION.LIST>       </INTERESTCOLLECTION.LIST>
                            <OLDAUDITENTRIES.LIST>       </OLDAUDITENTRIES.LIST>
                            <ACCOUNTAUDITENTRIES.LIST>       </ACCOUNTAUDITENTRIES.LIST>
                            <AUDITENTRIES.LIST>       </AUDITENTRIES.LIST>
                            <INPUTCRALLOCS.LIST>       </INPUTCRALLOCS.LIST>
                            <DUTYHEADDETAILS.LIST>       </DUTYHEADDETAILS.LIST>
                            <EXCISEDUTYHEADDETAILS.LIST>       </EXCISEDUTYHEADDETAILS.LIST>
                            <RATEDETAILS.LIST>       </RATEDETAILS.LIST>
                            <SUMMARYALLOCS.LIST>       </SUMMARYALLOCS.LIST>
                            <STPYMTDETAILS.LIST>       </STPYMTDETAILS.LIST>
                            <EXCISEPAYMENTALLOCATIONS.LIST>       </EXCISEPAYMENTALLOCATIONS.LIST>
                            <TAXBILLALLOCATIONS.LIST>       </TAXBILLALLOCATIONS.LIST>
                            <TAXOBJECTALLOCATIONS.LIST>       </TAXOBJECTALLOCATIONS.LIST>
                            <TDSEXPENSEALLOCATIONS.LIST>       </TDSEXPENSEALLOCATIONS.LIST>
                            <VATSTATUTORYDETAILS.LIST>       </VATSTATUTORYDETAILS.LIST>
                            <OSTTRACKALLOCATIONS.LIST>       </OSTTRACKALLOCATIONS.LIST>
                            <REFVOUCHERDETAILS.LIST>       </REFVOUCHERDETAILS.LIST>
                            <INVOICEWISEDETAILS.LIST>       </INVOICEWISEDETAILS.LIST>
                            <VATITCDETAILS.LIST>       </VATITCDETAILS.LIST>
                            <ADVANCETAXDETAILS.LIST>       </ADVANCETAXDETAILS.LIST>
                        </ALLLEDGERENTRIES.LIST>
                        <PAYROLLMODEOFPAYMENT.LIST>     </PAYROLLMODEOFPAYMENT.LIST>
                        <ATTDRECORDS.LIST>      </ATTDRECORDS.LIST>
                        <TEMPGSTRATEDETAILS.LIST>        </TEMPGSTRATEDETAILS.LIST>
                    </VOUCHER>
                </TALLYMESSAGE>
                <TALLYMESSAGE xmlns:UDF='TallyUDF'>
                    <COMPANY>
                        <REMOTECMPINFO.LIST MERGE='Yes'>
                            <NAME>fdbc4460-756c-11d6-bd67-008048b5445e</NAME>
                            <REMOTECMPNAME>TEXCO 2020 - 2022</REMOTECMPNAME>
                            <REMOTECMPSTATE>TamilNadu</REMOTECMPSTATE>
                        </REMOTECMPINFO.LIST>
                    </COMPANY>
                </TALLYMESSAGE>
                <TALLYMESSAGE xmlns:UDF='TallyUDF'>
                    <COMPANY>
                        <REMOTECMPINFO.LIST MERGE='Yes'>
                            <NAME>fdbc4460-756c-11d6-bd67-008048b5445e</NAME>
                            <REMOTECMPNAME>TEXCO 2020 - 2022</REMOTECMPNAME>
                            <REMOTECMPSTATE>TamilNadu</REMOTECMPSTATE>
                        </REMOTECMPINFO.LIST>
                    </COMPANY>
                </TALLYMESSAGE>
            </REQUESTDATA>
        </IMPORTDATA>
    </BODY>
</ENVELOPE>